@article{energyflow_poly,
    title={Energy flow polynomials: A complete linear basis for jet substructure},
    author={Komiske, Patrick T and Metodiev, Eric M and Thaler, Jesse},
    journal={Journal of High Energy Physics},
    volume={2018},
    number={4},
    pages={13},
    year={2018},
    publisher={Springer}
}

@article{particle_net,
    title={ParticleNet: jet tagging via particle clouds},
    author={Qu, Huilin and Gouskos, Loukas},
    journal={arXiv preprint arXiv:1902.08570},
    year={2019}
}

@article{tagging_review,
    title={The machine learning landscape of top taggers},
    author={Kasieczka,
            Gregor and Plehn,
            Tilman and Butter,
            Anja and Cranmer,
            Kyle and Debnath,
            Dipsikha and Dillon,
            Barry M and Fairbairn,
            Malcolm and Faroughy,
            Darius A and Fedorko,
            Wojtek and Gay,
            Christophe and others},
    journal={arXiv preprint arXiv:1902.09914},
    year={2019}
}

@article{lda_jets,
    title={Uncovering latent jet substructure},
    author={Dillon, Barry M and Faroughy, Darius A and Kamenik, Jernej F},
    journal={Physical Review D},
    volume={100},
    number={5},
    pages={056002},
    year={2019},
    publisher={APS}
}

@dataset{data_toptagging,
    author={Kasieczka,
            Gregor and Plehn,
            Tilman and Thompson,
            Jennifer and Russel,
            Michael},
    title={Top Quark Tagging Reference Dataset},
    month=mar,
    year=2019,
    publisher={Zenodo},
    version={v0 (2018\_03\_27)},
    doi={10.5281/zenodo.2603256},
    url={https://doi.org/10.5281/zenodo.2603256}
}

@dataset{data_qcdtagging,
    author={Komiske, Patrick and Metodiev, Eric and Thaler, Jesse},
    title={Pythia8 Quark and Gluon Jets for Energy Flow},
    month=may,
    year=2019,
    publisher={Zenodo},
    version={v1},
    doi={10.5281/zenodo.3164691},
    url={https://doi.org/10.5281/zenodo.3164691}
}

@article{tuhin_autoencoder,
    title={A robust anomaly finder based on autoencoder},
    author={Roy, Tuhin S and Vijay, Aravind H},
    journal={arXiv preprint arXiv:1903.02032},
    year={2019}
}

@article{maxwellian_plasma,
    title={Application of multivariate Maxwellian mixture model to plasma velocity distribution function},
    author={Ueno, Genta and Nakamura, Nagatomo and Higuchi, Tomoyuki and Tsuchiya, Takashi and Machida, Shinobu and Araki, Tohru and Saito, Yoshifumi and Mukai, Toshifumi},
    journal={Journal of Geophysical Research: Space Physics},
    volume={106},
    number={A11},
    pages={25655--25672},
    year={2001},
    publisher={Wiley Online Library}
}

@article{maxwellian_multivariate,
    title={Multivariate and matrix-variate analogues of Maxwell--Boltzmann and Raleigh densities},
    author={Mathai, AM and Princy, T},
    journal={Physica A: Statistical Mechanics and its Applications},
    volume={468},
    pages={668--676},
    year={2017},
    publisher={Elsevier}
}